{
  "products": [
    {
      "id": 1,
      "name": "Classic Formal Shirt - Brown",
      "sku": "PRD-001",
      "category": "Shirts",
      "subCategory": "Formal",
      "price": 4999,
      "mrp": 5499,
      "discount": "9% OFF",
      "stock": 0,
      "sales": 16,
      "returns": 0,
      "returns_pct": 0.8,
      "status": "Live",
      "fulfillment": "Quick",
      "tags": [],
      "image": "https://via.placeholder.com/80?text=P1",
      "dateAdded": "2024-10-04T08:59:24.139366",
      "brand": "NoBrand",
      "rating": 3.5
    },
    {
      "id": 2,
      "name": "Comfort Toy Car - Blue",
      "sku": "PRD-002",
      "category": "Kids",
      "subCategory": "Toys",
      "price": 499,
      "mrp": 999,
      "discount": "50% OFF",
      "stock": 13,
      "sales": 176,
      "returns": 13,
      "returns_pct": 7.4,
      "status": "Paused",
      "fulfillment": "Standard",
      "tags": [],
      "image": "https://via.placeholder.com/80?text=P2",
      "dateAdded": "2025-03-19T08:59:24.139366",
      "brand": "Nike",
      "rating": 3.9
    },
    {
      "id": 3,
      "name": "Elegant Facewash - Red",
      "sku": "PRD-003",
      "category": "Beauty",
      "subCategory": "Skincare",
      "price": 1999,
      "mrp": 2299,
      "discount": "13% OFF",
      "stock": 59,
      "sales": 186,
      "returns": 4,
      "returns_pct": 2.4,
      "status": "Live",
      "fulfillment": "Standard",
      "tags": [],
      "image": "https://via.placeholder.com/80?text=P3",
      "dateAdded": "2025-08-23T08:59:24.139366",
      "brand": "NoBrand",
      "rating": 4.1
    },
    {
      "id": 4,
      "name": "Stylish Powerbank - White",
      "sku": "PRD-004",
      "category": "Electronics",
      "subCategory": "Gadgets",
      "price": 199,
      "mrp": 399,
      "discount": "50% OFF",
      "stock": 0,
      "sales": 161,
      "returns": 8,
      "returns_pct": 5.1,
      "status": "Live",
      "fulfillment": "Standard",
      "tags": [],
      "image": "https://via.placeholder.com/80?text=P4",
      "dateAdded": "2024-11-03T08:59:24.139366",
      "brand": "Samsung",
      "rating": 2.9
    },
    {
      "id": 5,
      "name": "Stylish Chinos - Brown",
      "sku": "PRD-005",
      "category": "Pants",
      "subCategory": "Casual",
      "price": 2799,
      "mrp": 2899,
      "discount": "3% OFF",
      "stock": 0,
      "sales": 56,
      "returns": 1,
      "returns_pct": 2.3,
      "status": "Live",
      "fulfillment": "Standard",
      "tags": [],
      "image": "https://via.placeholder.com/80?text=P5",
      "dateAdded": "2024-11-27T08:59:24.139366",
      "brand": "Samsung",
      "rating": 3.8
    },
    {
      "id": 6,
      "name": "Classic Charger - Black",
      "sku": "PRD-006",
      "category": "Electronics",
      "subCategory": "Gadgets",
      "price": 2799,
      "mrp": 2899,
      "discount": "3% OFF",
      "stock": 93,
      "sales": 134,
      "returns": 16,
      "returns_pct": 11.7,
      "status": "Paused",
      "fulfillment": "Quick",
      "tags": [],
      "image": "https://via.placeholder.com/80?text=P6",
      "dateAdded": "2024-11-05T08:59:24.139366",
      "brand": "NoBrand",
      "rating": 4.0
    },
    {
      "id": 7,
      "name": "Elegant Jeans - White",
      "sku": "PRD-007",
      "category": "Pants",
      "subCategory": "Casual",
      "price": 1199,
      "mrp": 1399,
      "discount": "14% OFF",
      "stock": 8,
      "sales": 290,
      "returns": 33,
      "returns_pct": 11.4,
      "status": "Live",
      "fulfillment": "Standard",
      "tags": [],
      "image": "https://via.placeholder.com/80?text=P7",
      "dateAdded": "2024-12-30T08:59:24.139366",
      "brand": "FabCo",
      "rating": 2.8
    },
    {
      "id": 8,
      "name": "Sport Puzzle - Brown",
      "sku": "PRD-008",
      "category": "Kids",
      "subCategory": "Toys",
      "price": 1199,
      "mrp": 1699,
      "discount": "29% OFF",
      "stock": 86,
      "sales": 224,
      "returns": 24,
      "returns_pct": 10.8,
      "status": "Live",
      "fulfillment": "Quick",
      "tags": [],
      "image": "https://via.placeholder.com/80?text=P8",
      "dateAdded": "2024-12-01T08:59:24.139366",
      "brand": "NoBrand",
      "rating": 3.1
    },
    {
      "id": 9,
      "name": "Classic Wallet - Black",
      "sku": "PRD-009",
      "category": "Accessories",
      "subCategory": "Wallets",
      "price": 999,
      "mrp": 1299,
      "discount": "23% OFF",
      "stock": 86,
      "sales": 276,
      "returns": 6,
      "returns_pct": 2.0,
      "status": "Draft",
      "fulfillment": "Standard",
      "tags": [],
      "image": "https://via.placeholder.com/80?text=P9",
      "dateAdded": "2025-03-04T08:59:24.139366",
      "brand": "Adidas",
      "rating": 2.7
    },
    {
      "id": 10,
      "name": "Elegant Vase - Gold",
      "sku": "PRD-010",
      "category": "Home",
      "subCategory": "Decor",
      "price": 1999,
      "mrp": 2299,
      "discount": "13% OFF",
      "stock": 103,
      "sales": 127,
      "returns": 3,
      "returns_pct": 2.7,
      "status": "Live",
      "fulfillment": "Quick",
      "tags": [],
      "image": "https://via.placeholder.com/80?text=P10",
      "dateAdded": "2025-05-24T08:59:24.139366",
      "brand": "FabCo",
      "rating": 4.8
    },
    {
      "id": 11,
      "name": "Premium Doll - Blue",
      "sku": "PRD-011",
      "category": "Kids",
      "subCategory": "Toys",
      "price": 999,
      "mrp": 1499,
      "discount": "33% OFF",
      "stock": 0,
      "sales": 194,
      "returns": 1,
      "returns_pct": 0.5,
      "status": "Live",
      "fulfillment": "Standard",
      "tags": [],
      "image": "https://via.placeholder.com/80?text=P11",
      "dateAdded": "2024-12-18T08:59:24.139366",
      "brand": "Utopia",
      "rating": 4.3
    },
    {
      "id": 12,
      "name": "Stylish Trousers - Brown",
      "sku": "PRD-012",
      "category": "Pants",
      "subCategory": "Casual",
      "price": 199,
      "mrp": 699,
      "discount": "72% OFF",
      "stock": 65,
      "sales": 271,
      "returns": 6,
      "returns_pct": 2.3,
      "status": "Draft",
      "fulfillment": "Quick",
      "tags": [
        "QC"
      ],
      "image": "https://via.placeholder.com/80?text=P12",
      "dateAdded": "2025-08-25T08:59:24.139366",
      "brand": "Utopia",
      "rating": 4.7
    },
    {
      "id": 13,
      "name": "Premium Wall Art - Red",
      "sku": "PRD-013",
      "category": "Home",
      "subCategory": "Decor",
      "price": 3499,
      "mrp": 3799,
      "discount": "8% OFF",
      "stock": 120,
      "sales": 342,
      "returns": 30,
      "returns_pct": 8.7,
      "status": "Live",
      "fulfillment": "Standard",
      "tags": [],
      "image": "https://via.placeholder.com/80?text=P13",
      "dateAdded": "2025-02-06T08:59:24.139366",
      "brand": "Sony",
      "rating": 4.8
    },
    {
      "id": 14,
      "name": "Classic Polo Shirt - Green",
      "sku": "PRD-014",
      "category": "Shirts",
      "subCategory": "Formal",
      "price": 1499,
      "mrp": 1599,
      "discount": "6% OFF",
      "stock": 0,
      "sales": 450,
      "returns": 15,
      "returns_pct": 3.3,
      "status": "Live",
      "fulfillment": "Standard",
      "tags": [],
      "image": "https://via.placeholder.com/80?text=P14",
      "dateAdded": "2024-11-19T08:59:24.139366",
      "brand": "FabCo",
      "rating": 4.1
    },
    {
      "id": 15,
      "name": "Comfort Kurta - Black",
      "sku": "PRD-015",
      "category": "Ethnic Wear",
      "subCategory": "Kurtas",
      "price": 4999,
      "mrp": 5199,
      "discount": "4% OFF",
      "stock": 92,
      "sales": 351,
      "returns": 27,
      "returns_pct": 7.8,
      "status": "Live",
      "fulfillment": "Standard",
      "tags": [],
      "image": "https://via.placeholder.com/80?text=P15",
      "dateAdded": "2025-09-02T08:59:24.139366",
      "brand": "Nike",
      "rating": 4.1
    },
    {
      "id": 16,
      "name": "Classic Saree - Blue",
      "sku": "PRD-016",
      "category": "Ethnic Wear",
      "subCategory": "Sarees",
      "price": 1999,
      "mrp": 2099,
      "discount": "5% OFF",
      "stock": 0,
      "sales": 452,
      "returns": 38,
      "returns_pct": 8.4,
      "status": "Live",
      "fulfillment": "Quick",
      "tags": [],
      "image": "https://via.placeholder.com/80?text=P16",
      "dateAdded": "2025-07-15T08:59:24.139366",
      "brand": "Samsung",
      "rating": 2.8
    },
    {
      "id": 17,
      "name": "Elegant Saree - Blue",
      "sku": "PRD-017",
      "category": "Ethnic Wear",
      "subCategory": "Sarees",
      "price": 4999,
      "mrp": 5199,
      "discount": "4% OFF",
      "stock": 119,
      "sales": 442,
      "returns": 11,
      "returns_pct": 2.4,
      "status": "Paused",
      "fulfillment": "Quick",
      "tags": [
        "QC"
      ],
      "image": "https://via.placeholder.com/80?text=P17",
      "dateAdded": "2025-04-11T08:59:24.139366",
      "brand": "FabCo",
      "rating": 4.8
    },
    {
      "id": 18,
      "name": "Comfort Wallet - White",
      "sku": "PRD-018",
      "category": "Accessories",
      "subCategory": "Wallets",
      "price": 1199,
      "mrp": 1399,
      "discount": "14% OFF",
      "stock": 0,
      "sales": 98,
      "returns": 5,
      "returns_pct": 5.1,
      "status": "Live",
      "fulfillment": "Quick",
      "tags": [],
      "image": "https://via.placeholder.com/80?text=P18",
      "dateAdded": "2024-11-04T08:59:24.139366",
      "brand": "NoBrand",
      "rating": 3.5
    },
    {
      "id": 19,
      "name": "Elegant Powerbank - Blue",
      "sku": "PRD-019",
      "category": "Electronics",
      "subCategory": "Gadgets",
      "price": 1499,
      "mrp": 1799,
      "discount": "17% OFF",
      "stock": 56,
      "sales": 261,
      "returns": 5,
      "returns_pct": 1.8,
      "status": "Paused",
      "fulfillment": "Quick",
      "tags": [],
      "image": "https://via.placeholder.com/80?text=P19",
      "dateAdded": "2025-09-28T08:59:24.139366",
      "brand": "NoBrand",
      "rating": 4.8
    },
    {
      "id": 20,
      "name": "Stylish Headphones - Navy",
      "sku": "PRD-020",
      "category": "Electronics",
      "subCategory": "Gadgets",
      "price": 1199,
      "mrp": 1499,
      "discount": "20% OFF",
      "stock": 86,
      "sales": 206,
      "returns": 18,
      "returns_pct": 8.5,
      "status": "Live",
      "fulfillment": "Quick",
      "tags": [],
      "image": "https://via.placeholder.com/80?text=P20",
      "dateAdded": "2024-10-17T08:59:24.139366",
      "brand": "Utopia",
      "rating": 4.8
    },
    {
      "id": 21,
      "name": "Comfort Serum - Gold",
      "sku": "PRD-021",
      "category": "Beauty",
      "subCategory": "Skincare",
      "price": 1499,
      "mrp": 1999,
      "discount": "25% OFF",
      "stock": 57,
      "sales": 109,
      "returns": 7,
      "returns_pct": 6.4,
      "status": "Paused",
      "fulfillment": "Quick",
      "tags": [],
      "image": "https://via.placeholder.com/80?text=P21",
      "dateAdded": "2024-10-24T08:59:24.139366",
      "brand": "Utopia",
      "rating": 4.0
    },
    {
      "id": 22,
      "name": "Stylish Formal Shirt - Brown",
      "sku": "PRD-022",
      "category": "Shirts",
      "subCategory": "Formal",
      "price": 2799,
      "mrp": 3299,
      "discount": "15% OFF",
      "stock": 114,
      "sales": 99,
      "returns": 9,
      "returns_pct": 8.8,
      "status": "Live",
      "fulfillment": "Standard",
      "tags": [],
      "image": "https://via.placeholder.com/80?text=P22",
      "dateAdded": "2025-09-26T08:59:24.139366",
      "brand": "FabCo",
      "rating": 4.7
    },
    {
      "id": 23,
      "name": "Casual Polo Shirt - Red",
      "sku": "PRD-023",
      "category": "Shirts",
      "subCategory": "Formal",
      "price": 799,
      "mrp": 1299,
      "discount": "38% OFF",
      "stock": 86,
      "sales": 286,
      "returns": 21,
      "returns_pct": 7.3,
      "status": "Draft",
      "fulfillment": "Standard",
      "tags": [],
      "image": "https://via.placeholder.com/80?text=P23",
      "dateAdded": "2025-01-13T08:59:24.139366",
      "brand": "Samsung",
      "rating": 4.6
    },
    {
      "id": 24,
      "name": "Formal Powerbank - White",
      "sku": "PRD-024",
      "category": "Electronics",
      "subCategory": "Gadgets",
      "price": 999,
      "mrp": 1299,
      "discount": "23% OFF",
      "stock": 0,
      "sales": 146,
      "returns": 5,
      "returns_pct": 3.2,
      "status": "Live",
      "fulfillment": "Quick",
      "tags": [],
      "image": "https://via.placeholder.com/80?text=P24",
      "dateAdded": "2024-10-08T08:59:24.139366",
      "brand": "Adidas",
      "rating": 4.3
    },
    {
      "id": 25,
      "name": "Casual Polo Shirt - Gold",
      "sku": "PRD-025",
      "category": "Shirts",
      "subCategory": "Formal",
      "price": 199,
      "mrp": 699,
      "discount": "72% OFF",
      "stock": 0,
      "sales": 180,
      "returns": 7,
      "returns_pct": 3.9,
      "status": "Live",
      "fulfillment": "Standard",
      "tags": [],
      "image": "https://via.placeholder.com/80?text=P25",
      "dateAdded": "2024-11-24T08:59:24.139366",
      "brand": "Adidas",
      "rating": 3.7
    },
    {
      "id": 26,
      "name": "Casual Kurta - Green",
      "sku": "PRD-026",
      "category": "Ethnic Wear",
      "subCategory": "Sarees",
      "price": 799,
      "mrp": 899,
      "discount": "11% OFF",
      "stock": 117,
      "sales": 288,
      "returns": 23,
      "returns_pct": 8.1,
      "status": "Live",
      "fulfillment": "Standard",
      "tags": [],
      "image": "https://via.placeholder.com/80?text=P26",
      "dateAdded": "2025-09-03T08:59:24.139366",
      "brand": "Sony",
      "rating": 3.4
    },
    {
      "id": 27,
      "name": "Formal Belt - Navy",
      "sku": "PRD-027",
      "category": "Accessories",
      "subCategory": "Wallets",
      "price": 3499,
      "mrp": 3599,
      "discount": "3% OFF",
      "stock": 0,
      "sales": 487,
      "returns": 22,
      "returns_pct": 4.5,
      "status": "Live",
      "fulfillment": "Quick",
      "tags": [],
      "image": "https://via.placeholder.com/80?text=P27",
      "dateAdded": "2025-06-18T08:59:24.139366",
      "brand": "FabCo",
      "rating": 2.6
    },
    {
      "id": 28,
      "name": "Stylish Jeans - White",
      "sku": "PRD-028",
      "category": "Pants",
      "subCategory": "Casual",
      "price": 799,
      "mrp": 899,
      "discount": "11% OFF",
      "stock": 100,
      "sales": 493,
      "returns": 20,
      "returns_pct": 4.1,
      "status": "Live",
      "fulfillment": "Standard",
      "tags": [],
      "image": "https://via.placeholder.com/80?text=P28",
      "dateAdded": "2025-03-20T08:59:24.139366",
      "brand": "Samsung",
      "rating": 4.9
    },
    {
      "id": 29,
      "name": "Premium Backpack - Red",
      "sku": "PRD-029",
      "category": "Accessories",
      "subCategory": "Wallets",
      "price": 3499,
      "mrp": 3999,
      "discount": "13% OFF",
      "stock": 85,
      "sales": 259,
      "returns": 20,
      "returns_pct": 7.9,
      "status": "Live",
      "fulfillment": "Standard",
      "tags": [
        "QC"
      ],
      "image": "https://via.placeholder.com/80?text=P29",
      "dateAdded": "2025-03-27T08:59:24.139366",
      "brand": "Utopia",
      "rating": 4.7
    },
    {
      "id": 30,
      "name": "Sport Puzzle - Gold",
      "sku": "PRD-030",
      "category": "Kids",
      "subCategory": "Toys",
      "price": 1999,
      "mrp": 2299,
      "discount": "13% OFF",
      "stock": 42,
      "sales": 425,
      "returns": 48,
      "returns_pct": 11.2,
      "status": "Live",
      "fulfillment": "Standard",
      "tags": [],
      "image": "https://via.placeholder.com/80?text=P30",
      "dateAdded": "2024-11-20T08:59:24.139366",
      "brand": "Utopia",
      "rating": 3.4
    },
    {
      "id": 31,
      "name": "Formal Kurta - Navy",
      "sku": "PRD-031",
      "category": "Ethnic Wear",
      "subCategory": "Kurtas",
      "price": 1199,
      "mrp": 1299,
      "discount": "8% OFF",
      "stock": 67,
      "sales": 43,
      "returns": 1,
      "returns_pct": 3.3,
      "status": "Live",
      "fulfillment": "Quick",
      "tags": [],
      "image": "https://via.placeholder.com/80?text=P31",
      "dateAdded": "2025-01-20T08:59:24.139366",
      "brand": "Samsung",
      "rating": 4.5
    },
    {
      "id": 32,
      "name": "Comfort Polo Shirt - Red",
      "sku": "PRD-032",
      "category": "Shirts",
      "subCategory": "Formal",
      "price": 3499,
      "mrp": 3799,
      "discount": "8% OFF",
      "stock": 55,
      "sales": 281,
      "returns": 12,
      "returns_pct": 4.3,
      "status": "Paused",
      "fulfillment": "Standard",
      "tags": [],
      "image": "https://via.placeholder.com/80?text=P32",
      "dateAdded": "2025-06-22T08:59:24.139366",
      "brand": "Sony",
      "rating": 2.8
    },
    {
      "id": 33,
      "name": "Sport Powerbank - Red",
      "sku": "PRD-033",
      "category": "Electronics",
      "subCategory": "Gadgets",
      "price": 499,
      "mrp": 699,
      "discount": "29% OFF",
      "stock": 38,
      "sales": 91,
      "returns": 4,
      "returns_pct": 4.0,
      "status": "Paused",
      "fulfillment": "Quick",
      "tags": [],
      "image": "https://via.placeholder.com/80?text=P33",
      "dateAdded": "2024-12-19T08:59:24.139366",
      "brand": "Sony",
      "rating": 4.2
    },
    {
      "id": 34,
      "name": "Formal Chinos - Black",
      "sku": "PRD-034",
      "category": "Pants",
      "subCategory": "Casual",
      "price": 1199,
      "mrp": 1699,
      "discount": "29% OFF",
      "stock": 15,
      "sales": 205,
      "returns": 13,
      "returns_pct": 6.2,
      "status": "Live",
      "fulfillment": "Quick",
      "tags": [],
      "image": "https://via.placeholder.com/80?text=P34",
      "dateAdded": "2025-04-26T08:59:24.139366",
      "brand": "Nike",
      "rating": 5.0
    },
    {
      "id": 35,
      "name": "Casual T-Shirt - Red",
      "sku": "PRD-035",
      "category": "Shirts",
      "subCategory": "Formal",
      "price": 4999,
      "mrp": 5099,
      "discount": "2% OFF",
      "stock": 79,
      "sales": 50,
      "returns": 6,
      "returns_pct": 11.4,
      "status": "Live",
      "fulfillment": "Quick",
      "tags": [
        "QC"
      ],
      "image": "https://via.placeholder.com/80?text=P35",
      "dateAdded": "2025-05-29T08:59:24.139366",
      "brand": "Adidas",
      "rating": 3.9
    },
    {
      "id": 36,
      "name": "Classic Trousers - Gold",
      "sku": "PRD-036",
      "category": "Pants",
      "subCategory": "Casual",
      "price": 1199,
      "mrp": 1699,
      "discount": "29% OFF",
      "stock": 10,
      "sales": 473,
      "returns": 17,
      "returns_pct": 3.5,
      "status": "Paused",
      "fulfillment": "Quick",
      "tags": [],
      "image": "https://via.placeholder.com/80?text=P36",
      "dateAdded": "2024-11-01T08:59:24.139366",
      "brand": "Adidas",
      "rating": 4.8
    },
    {
      "id": 37,
      "name": "Premium Trousers - Blue",
      "sku": "PRD-037",
      "category": "Pants",
      "subCategory": "Casual",
      "price": 1199,
      "mrp": 1699,
      "discount": "29% OFF",
      "stock": 35,
      "sales": 252,
      "returns": 14,
      "returns_pct": 5.5,
      "status": "Live",
      "fulfillment": "Standard",
      "tags": [],
      "image": "https://via.placeholder.com/80?text=P37",
      "dateAdded": "2025-09-15T08:59:24.139366",
      "brand": "Nike",
      "rating": 3.1
    },
    {
      "id": 38,
      "name": "Classic Facewash - Brown",
      "sku": "PRD-038",
      "category": "Beauty",
      "subCategory": "Skincare",
      "price": 4999,
      "mrp": 5499,
      "discount": "9% OFF",
      "stock": 82,
      "sales": 496,
      "returns": 7,
      "returns_pct": 1.5,
      "status": "Live",
      "fulfillment": "Standard",
      "tags": [
        "QC"
      ],
      "image": "https://via.placeholder.com/80?text=P38",
      "dateAdded": "2025-07-08T08:59:24.139366",
      "brand": "Sony",
      "rating": 3.5
    },
    {
      "id": 39,
      "name": "Comfort Doll - Gold",
      "sku": "PRD-039",
      "category": "Kids",
      "subCategory": "Toys",
      "price": 3499,
      "mrp": 3599,
      "discount": "3% OFF",
      "stock": 85,
      "sales": 236,
      "returns": 13,
      "returns_pct": 5.3,
      "status": "Live",
      "fulfillment": "Standard",
      "tags": [],
      "image": "https://via.placeholder.com/80?text=P39",
      "dateAdded": "2025-02-14T08:59:24.139366",
      "brand": "FabCo",
      "rating": 2.6
    },
    {
      "id": 40,
      "name": "Sport Saree - Brown",
      "sku": "PRD-040",
      "category": "Ethnic Wear",
      "subCategory": "Sarees",
      "price": 799,
      "mrp": 1099,
      "discount": "27% OFF",
      "stock": 0,
      "sales": 282,
      "returns": 2,
      "returns_pct": 0.7,
      "status": "Live",
      "fulfillment": "Quick",
      "tags": [],
      "image": "https://via.placeholder.com/80?text=P40",
      "dateAdded": "2025-02-04T08:59:24.139366",
      "brand": "Nike",
      "rating": 4.1
    },
    {
      "id": 41,
      "name": "Formal Chinos - Brown",
      "sku": "PRD-041",
      "category": "Pants",
      "subCategory": "Casual",
      "price": 799,
      "mrp": 1299,
      "discount": "38% OFF",
      "stock": 25,
      "sales": 260,
      "returns": 24,
      "returns_pct": 9.1,
      "status": "Live",
      "fulfillment": "Quick",
      "tags": [],
      "image": "https://via.placeholder.com/80?text=P41",
      "dateAdded": "2025-02-28T08:59:24.139366",
      "brand": "Sony",
      "rating": 4.8
    },
    {
      "id": 42,
      "name": "Comfort Headphones - Blue",
      "sku": "PRD-042",
      "category": "Electronics",
      "subCategory": "Gadgets",
      "price": 3499,
      "mrp": 3999,
      "discount": "13% OFF",
      "stock": 45,
      "sales": 390,
      "returns": 26,
      "returns_pct": 6.7,
      "status": "Live",
      "fulfillment": "Standard",
      "tags": [],
      "image": "https://via.placeholder.com/80?text=P42",
      "dateAdded": "2025-05-29T08:59:24.139366",
      "brand": "NoBrand",
      "rating": 3.5
    },
    {
      "id": 43,
      "name": "Classic Vase - Navy",
      "sku": "PRD-043",
      "category": "Home",
      "subCategory": "Decor",
      "price": 199,
      "mrp": 399,
      "discount": "50% OFF",
      "stock": 65,
      "sales": 169,
      "returns": 18,
      "returns_pct": 10.5,
      "status": "Paused",
      "fulfillment": "Standard",
      "tags": [
        "Missing HSN"
      ],
      "image": "https://via.placeholder.com/80?text=P43",
      "dateAdded": "2025-09-21T08:59:24.139366",
      "brand": "Utopia",
      "rating": 2.9
    },
    {
      "id": 44,
      "name": "Premium Trousers - Green",
      "sku": "PRD-044",
      "category": "Pants",
      "subCategory": "Casual",
      "price": 3499,
      "mrp": 3999,
      "discount": "13% OFF",
      "stock": 41,
      "sales": 454,
      "returns": 42,
      "returns_pct": 9.2,
      "status": "Paused",
      "fulfillment": "Quick",
      "tags": [],
      "image": "https://via.placeholder.com/80?text=P44",
      "dateAdded": "2024-10-13T08:59:24.139366",
      "brand": "Sony",
      "rating": 5.0
    },
    {
      "id": 45,
      "name": "Casual Polo Shirt - Black",
      "sku": "PRD-045",
      "category": "Shirts",
      "subCategory": "Formal",
      "price": 1499,
      "mrp": 1599,
      "discount": "6% OFF",
      "stock": 38,
      "sales": 220,
      "returns": 5,
      "returns_pct": 2.2,
      "status": "Live",
      "fulfillment": "Quick",
      "tags": [
        "QC"
      ],
      "image": "https://via.placeholder.com/80?text=P45",
      "dateAdded": "2025-03-17T08:59:24.139366",
      "brand": "NoBrand",
      "rating": 4.2
    },
    {
      "id": 46,
      "name": "Sport Toy Car - Red",
      "sku": "PRD-046",
      "category": "Kids",
      "subCategory": "Toys",
      "price": 3499,
      "mrp": 3699,
      "discount": "5% OFF",
      "stock": 10,
      "sales": 176,
      "returns": 21,
      "returns_pct": 11.9,
      "status": "Live",
      "fulfillment": "Standard",
      "tags": [],
      "image": "https://via.placeholder.com/80?text=P46",
      "dateAdded": "2025-04-27T08:59:24.139366",
      "brand": "Adidas",
      "rating": 5.0
    },
    {
      "id": 47,
      "name": "Premium Doll - Red",
      "sku": "PRD-047",
      "category": "Kids",
      "subCategory": "Toys",
      "price": 1999,
      "mrp": 2299,
      "discount": "13% OFF",
      "stock": 2,
      "sales": 351,
      "returns": 33,
      "returns_pct": 9.5,
      "status": "Draft",
      "fulfillment": "Standard",
      "tags": [],
      "image": "https://via.placeholder.com/80?text=P47",
      "dateAdded": "2025-06-03T08:59:24.139366",
      "brand": "NoBrand",
      "rating": 4.5
    },
    {
      "id": 48,
      "name": "Stylish Backpack - Brown",
      "sku": "PRD-048",
      "category": "Accessories",
      "subCategory": "Wallets",
      "price": 199,
      "mrp": 499,
      "discount": "60% OFF",
      "stock": 101,
      "sales": 296,
      "returns": 14,
      "returns_pct": 4.7,
      "status": "Live",
      "fulfillment": "Standard",
      "tags": [],
      "image": "https://via.placeholder.com/80?text=P48",
      "dateAdded": "2025-06-18T08:59:24.139366",
      "brand": "Adidas",
      "rating": 4.5
    },
    {
      "id": 49,
      "name": "Comfort Loafers - White",
      "sku": "PRD-049",
      "category": "Footwear",
      "subCategory": "Sneakers",
      "price": 999,
      "mrp": 1499,
      "discount": "33% OFF",
      "stock": 109,
      "sales": 187,
      "returns": 3,
      "returns_pct": 1.5,
      "status": "Live",
      "fulfillment": "Standard",
      "tags": [],
      "image": "https://via.placeholder.com/80?text=P49",
      "dateAdded": "2024-10-19T08:59:24.139366",
      "brand": "Utopia",
      "rating": 4.2
    },
    {
      "id": 50,
      "name": "Casual Serum - Navy",
      "sku": "PRD-050",
      "category": "Beauty",
      "subCategory": "Skincare",
      "price": 999,
      "mrp": 1099,
      "discount": "9% OFF",
      "stock": 82,
      "sales": 465,
      "returns": 40,
      "returns_pct": 8.6,
      "status": "Live",
      "fulfillment": "Quick",
      "tags": [],
      "image": "https://via.placeholder.com/80?text=P50",
      "dateAdded": "2025-04-26T08:59:24.139366",
      "brand": "Samsung",
      "rating": 2.8
    },
    {
      "id": 51,
      "name": "Sport Backpack - Gold",
      "sku": "PRD-051",
      "category": "Accessories",
      "subCategory": "Wallets",
      "price": 799,
      "mrp": 1299,
      "discount": "38% OFF",
      "stock": 0,
      "sales": 250,
      "returns": 19,
      "returns_pct": 7.6,
      "status": "Draft",
      "fulfillment": "Standard",
      "tags": [
        "Missing HSN"
      ],
      "image": "https://via.placeholder.com/80?text=P51",
      "dateAdded": "2025-02-13T08:59:24.139366",
      "brand": "Samsung",
      "rating": 4.9
    },
    {
      "id": 52,
      "name": "Premium Loafers - Navy",
      "sku": "PRD-052",
      "category": "Footwear",
      "subCategory": "Sneakers",
      "price": 499,
      "mrp": 699,
      "discount": "29% OFF",
      "stock": 83,
      "sales": 497,
      "returns": 3,
      "returns_pct": 0.7,
      "status": "Paused",
      "fulfillment": "Quick",
      "tags": [],
      "image": "https://via.placeholder.com/80?text=P52",
      "dateAdded": "2025-06-15T08:59:24.139366",
      "brand": "Nike",
      "rating": 4.6
    },
    {
      "id": 53,
      "name": "Stylish Headphones - Red",
      "sku": "PRD-053",
      "category": "Electronics",
      "subCategory": "Gadgets",
      "price": 1199,
      "mrp": 1399,
      "discount": "14% OFF",
      "stock": 0,
      "sales": 56,
      "returns": 5,
      "returns_pct": 8.1,
      "status": "Live",
      "fulfillment": "Quick",
      "tags": [],
      "image": "https://via.placeholder.com/80?text=P53",
      "dateAdded": "2024-12-01T08:59:24.139366",
      "brand": "Sony",
      "rating": 2.5
    },
    {
      "id": 54,
      "name": "Classic Lehenga - White",
      "sku": "PRD-054",
      "category": "Ethnic Wear",
      "subCategory": "Sarees",
      "price": 3499,
      "mrp": 3599,
      "discount": "3% OFF",
      "stock": 58,
      "sales": 484,
      "returns": 37,
      "returns_pct": 7.6,
      "status": "Paused",
      "fulfillment": "Standard",
      "tags": [],
      "image": "https://via.placeholder.com/80?text=P54",
      "dateAdded": "2025-08-28T08:59:24.139366",
      "brand": "Samsung",
      "rating": 4.6
    },
    {
      "id": 55,
      "name": "Premium Vase - Green",
      "sku": "PRD-055",
      "category": "Home",
      "subCategory": "Decor",
      "price": 1199,
      "mrp": 1499,
      "discount": "20% OFF",
      "stock": 49,
      "sales": 271,
      "returns": 11,
      "returns_pct": 3.9,
      "status": "Live",
      "fulfillment": "Standard",
      "tags": [
        "Missing HSN"
      ],
      "image": "https://via.placeholder.com/80?text=P55",
      "dateAdded": "2024-10-28T08:59:24.139366",
      "brand": "Utopia",
      "rating": 4.7
    },
    {
      "id": 56,
      "name": "Stylish Powerbank - Gold",
      "sku": "PRD-056",
      "category": "Electronics",
      "subCategory": "Gadgets",
      "price": 1499,
      "mrp": 1999,
      "discount": "25% OFF",
      "stock": 41,
      "sales": 191,
      "returns": 22,
      "returns_pct": 11.5,
      "status": "Live",
      "fulfillment": "Standard",
      "tags": [
        "Missing HSN"
      ],
      "image": "https://via.placeholder.com/80?text=P56",
      "dateAdded": "2025-08-12T08:59:24.139366",
      "brand": "Samsung",
      "rating": 2.7
    },
    {
      "id": 57,
      "name": "Sport Sandals - Blue",
      "sku": "PRD-057",
      "category": "Footwear",
      "subCategory": "Sneakers",
      "price": 1999,
      "mrp": 2099,
      "discount": "5% OFF",
      "stock": 37,
      "sales": 180,
      "returns": 3,
      "returns_pct": 1.7,
      "status": "Live",
      "fulfillment": "Quick",
      "tags": [],
      "image": "https://via.placeholder.com/80?text=P57",
      "dateAdded": "2025-08-04T08:59:24.139366",
      "brand": "Sony",
      "rating": 4.6
    },
    {
      "id": 58,
      "name": "Premium Sandals - Brown",
      "sku": "PRD-058",
      "category": "Footwear",
      "subCategory": "Sneakers",
      "price": 199,
      "mrp": 499,
      "discount": "60% OFF",
      "stock": 4,
      "sales": 359,
      "returns": 33,
      "returns_pct": 9.3,
      "status": "Draft",
      "fulfillment": "Standard",
      "tags": [
        "Missing HSN"
      ],
      "image": "https://via.placeholder.com/80?text=P58",
      "dateAdded": "2024-12-13T08:59:24.139366",
      "brand": "Utopia",
      "rating": 3.5
    },
    {
      "id": 59,
      "name": "Classic Jeans - Black",
      "sku": "PRD-059",
      "category": "Pants",
      "subCategory": "Casual",
      "price": 1199,
      "mrp": 1499,
      "discount": "20% OFF",
      "stock": 100,
      "sales": 305,
      "returns": 5,
      "returns_pct": 1.5,
      "status": "Live",
      "fulfillment": "Quick",
      "tags": [
        "QC"
      ],
      "image": "https://via.placeholder.com/80?text=P59",
      "dateAdded": "2025-08-18T08:59:24.139366",
      "brand": "Sony",
      "rating": 3.6
    },
    {
      "id": 60,
      "name": "Formal Wall Art - Green",
      "sku": "PRD-060",
      "category": "Home",
      "subCategory": "Decor",
      "price": 4999,
      "mrp": 5499,
      "discount": "9% OFF",
      "stock": 68,
      "sales": 23,
      "returns": 1,
      "returns_pct": 3.0,
      "status": "Draft",
      "fulfillment": "Quick",
      "tags": [
        "Missing HSN"
      ],
      "image": "https://via.placeholder.com/80?text=P60",
      "dateAdded": "2025-06-12T08:59:24.139366",
      "brand": "FabCo",
      "rating": 2.8
    },
    {
      "id": 61,
      "name": "Comfort Kurta - Navy",
      "sku": "PRD-061",
      "category": "Ethnic Wear",
      "subCategory": "Sarees",
      "price": 999,
      "mrp": 1299,
      "discount": "23% OFF",
      "stock": 10,
      "sales": 379,
      "returns": 4,
      "returns_pct": 1.0,
      "status": "Live",
      "fulfillment": "Quick",
      "tags": [],
      "image": "https://via.placeholder.com/80?text=P61",
      "dateAdded": "2024-12-09T08:59:24.139366",
      "brand": "Samsung",
      "rating": 4.3
    },
    {
      "id": 62,
      "name": "Comfort Wall Art - Black",
      "sku": "PRD-062",
      "category": "Home",
      "subCategory": "Decor",
      "price": 1999,
      "mrp": 2099,
      "discount": "5% OFF",
      "stock": 32,
      "sales": 205,
      "returns": 13,
      "returns_pct": 6.5,
      "status": "Live",
      "fulfillment": "Standard",
      "tags": [],
      "image": "https://via.placeholder.com/80?text=P62",
      "dateAdded": "2025-07-04T08:59:24.139366",
      "brand": "Nike",
      "rating": 3.8
    },
    {
      "id": 63,
      "name": "Stylish Polo Shirt - Navy",
      "sku": "PRD-063",
      "category": "Shirts",
      "subCategory": "Formal",
      "price": 799,
      "mrp": 999,
      "discount": "20% OFF",
      "stock": 98,
      "sales": 38,
      "returns": 1,
      "returns_pct": 2.5,
      "status": "Paused",
      "fulfillment": "Standard",
      "tags": [],
      "image": "https://via.placeholder.com/80?text=P63",
      "dateAdded": "2024-12-06T08:59:24.139366",
      "brand": "Samsung",
      "rating": 4.2
    },
    {
      "id": 64,
      "name": "Elegant Serum - Navy",
      "sku": "PRD-064",
      "category": "Beauty",
      "subCategory": "Skincare",
      "price": 199,
      "mrp": 499,
      "discount": "60% OFF",
      "stock": 0,
      "sales": 236,
      "returns": 13,
      "returns_pct": 5.7,
      "status": "Live",
      "fulfillment": "Standard",
      "tags": [
        "Missing HSN"
      ],
      "image": "https://via.placeholder.com/80?text=P64",
      "dateAdded": "2025-08-13T08:59:24.139366",
      "brand": "NoBrand",
      "rating": 4.0
    },
    {
      "id": 65,
      "name": "Formal Vase - Blue",
      "sku": "PRD-065",
      "category": "Home",
      "subCategory": "Decor",
      "price": 199,
      "mrp": 699,
      "discount": "72% OFF",
      "stock": 14,
      "sales": 428,
      "returns": 19,
      "returns_pct": 4.4,
      "status": "Paused",
      "fulfillment": "Quick",
      "tags": [
        "Missing HSN"
      ],
      "image": "https://via.placeholder.com/80?text=P65",
      "dateAdded": "2025-02-16T08:59:24.139366",
      "brand": "NoBrand",
      "rating": 3.8
    },
    {
      "id": 66,
      "name": "Elegant Chinos - Navy",
      "sku": "PRD-066",
      "category": "Pants",
      "subCategory": "Casual",
      "price": 1499,
      "mrp": 1599,
      "discount": "6% OFF",
      "stock": 0,
      "sales": 168,
      "returns": 3,
      "returns_pct": 1.6,
      "status": "Live",
      "fulfillment": "Standard",
      "tags": [],
      "image": "https://via.placeholder.com/80?text=P66",
      "dateAdded": "2024-11-24T08:59:24.139366",
      "brand": "FabCo",
      "rating": 2.9
    },
    {
      "id": 67,
      "name": "Sport Polo Shirt - Navy",
      "sku": "PRD-067",
      "category": "Shirts",
      "subCategory": "Formal",
      "price": 1199,
      "mrp": 1699,
      "discount": "29% OFF",
      "stock": 83,
      "sales": 416,
      "returns": 8,
      "returns_pct": 2.0,
      "status": "Paused",
      "fulfillment": "Quick",
      "tags": [],
      "image": "https://via.placeholder.com/80?text=P67",
      "dateAdded": "2025-03-27T08:59:24.139366",
      "brand": "Nike",
      "rating": 3.4
    },
    {
      "id": 68,
      "name": "Stylish Jeans - Navy",
      "sku": "PRD-068",
      "category": "Pants",
      "subCategory": "Casual",
      "price": 3499,
      "mrp": 3599,
      "discount": "3% OFF",
      "stock": 85,
      "sales": 392,
      "returns": 30,
      "returns_pct": 7.6,
      "status": "Live",
      "fulfillment": "Quick",
      "tags": [],
      "image": "https://via.placeholder.com/80?text=P68",
      "dateAdded": "2024-11-13T08:59:24.139366",
      "brand": "FabCo",
      "rating": 4.8
    },
    {
      "id": 69,
      "name": "Classic Doll - Gold",
      "sku": "PRD-069",
      "category": "Kids",
      "subCategory": "Toys",
      "price": 999,
      "mrp": 1199,
      "discount": "17% OFF",
      "stock": 40,
      "sales": 401,
      "returns": 24,
      "returns_pct": 5.9,
      "status": "Paused",
      "fulfillment": "Standard",
      "tags": [],
      "image": "https://via.placeholder.com/80?text=P69",
      "dateAdded": "2025-02-15T08:59:24.139366",
      "brand": "Samsung",
      "rating": 4.4
    },
    {
      "id": 70,
      "name": "Casual Vase - White",
      "sku": "PRD-070",
      "category": "Home",
      "subCategory": "Decor",
      "price": 499,
      "mrp": 599,
      "discount": "17% OFF",
      "stock": 0,
      "sales": 82,
      "returns": 3,
      "returns_pct": 3.6,
      "status": "Draft",
      "fulfillment": "Quick",
      "tags": [
        "QC"
      ],
      "image": "https://via.placeholder.com/80?text=P70",
      "dateAdded": "2025-06-07T08:59:24.139366",
      "brand": "FabCo",
      "rating": 3.6
    },
    {
      "id": 71,
      "name": "Classic Sneakers - Gold",
      "sku": "PRD-071",
      "category": "Footwear",
      "subCategory": "Sneakers",
      "price": 199,
      "mrp": 499,
      "discount": "60% OFF",
      "stock": 0,
      "sales": 365,
      "returns": 29,
      "returns_pct": 8.0,
      "status": "Paused",
      "fulfillment": "Quick",
      "tags": [
        "Missing HSN"
      ],
      "image": "https://via.placeholder.com/80?text=P71",
      "dateAdded": "2025-01-30T08:59:24.139366",
      "brand": "Utopia",
      "rating": 4.6
    },
    {
      "id": 72,
      "name": "Formal Puzzle - Blue",
      "sku": "PRD-072",
      "category": "Kids",
      "subCategory": "Toys",
      "price": 1999,
      "mrp": 2099,
      "discount": "5% OFF",
      "stock": 100,
      "sales": 154,
      "returns": 3,
      "returns_pct": 1.9,
      "status": "Live",
      "fulfillment": "Standard",
      "tags": [
        "Missing HSN"
      ],
      "image": "https://via.placeholder.com/80?text=P72",
      "dateAdded": "2025-01-16T08:59:24.139366",
      "brand": "NoBrand",
      "rating": 3.8
    },
    {
      "id": 73,
      "name": "Stylish Charger - White",
      "sku": "PRD-073",
      "category": "Electronics",
      "subCategory": "Gadgets",
      "price": 499,
      "mrp": 799,
      "discount": "38% OFF",
      "stock": 9,
      "sales": 278,
      "returns": 18,
      "returns_pct": 6.3,
      "status": "Draft",
      "fulfillment": "Quick",
      "tags": [],
      "image": "https://via.placeholder.com/80?text=P73",
      "dateAdded": "2024-11-07T08:59:24.139366",
      "brand": "Samsung",
      "rating": 5.0
    },
    {
      "id": 74,
      "name": "Classic Kurta - Navy",
      "sku": "PRD-074",
      "category": "Ethnic Wear",
      "subCategory": "Sarees",
      "price": 1499,
      "mrp": 1699,
      "discount": "12% OFF",
      "stock": 6,
      "sales": 173,
      "returns": 17,
      "returns_pct": 9.9,
      "status": "Live",
      "fulfillment": "Standard",
      "tags": [],
      "image": "https://via.placeholder.com/80?text=P74",
      "dateAdded": "2025-06-27T08:59:24.139366",
      "brand": "FabCo",
      "rating": 2.8
    },
    {
      "id": 75,
      "name": "Classic Puzzle - Brown",
      "sku": "PRD-075",
      "category": "Kids",
      "subCategory": "Toys",
      "price": 2799,
      "mrp": 3099,
      "discount": "10% OFF",
      "stock": 5,
      "sales": 97,
      "returns": 4,
      "returns_pct": 3.8,
      "status": "Paused",
      "fulfillment": "Quick",
      "tags": [],
      "image": "https://via.placeholder.com/80?text=P75",
      "dateAdded": "2025-07-27T08:59:24.139366",
      "brand": "FabCo",
      "rating": 3.4
    },
    {
      "id": 76,
      "name": "Formal Wall Art - Gold",
      "sku": "PRD-076",
      "category": "Home",
      "subCategory": "Decor",
      "price": 1999,
      "mrp": 2099,
      "discount": "5% OFF",
      "stock": 56,
      "sales": 421,
      "returns": 11,
      "returns_pct": 2.6,
      "status": "Live",
      "fulfillment": "Quick",
      "tags": [
        "Missing HSN"
      ],
      "image": "https://via.placeholder.com/80?text=P76",
      "dateAdded": "2025-04-25T08:59:24.139366",
      "brand": "Samsung",
      "rating": 4.0
    },
    {
      "id": 77,
      "name": "Sport Vase - Green",
      "sku": "PRD-077",
      "category": "Home",
      "subCategory": "Decor",
      "price": 199,
      "mrp": 299,
      "discount": "33% OFF",
      "stock": 86,
      "sales": 186,
      "returns": 12,
      "returns_pct": 6.4,
      "status": "Paused",
      "fulfillment": "Quick",
      "tags": [
        "QC"
      ],
      "image": "https://via.placeholder.com/80?text=P77",
      "dateAdded": "2024-11-21T08:59:24.139366",
      "brand": "Utopia",
      "rating": 4.5
    },
    {
      "id": 78,
      "name": "Sport Kurta - Black",
      "sku": "PRD-078",
      "category": "Ethnic Wear",
      "subCategory": "Kurtas",
      "price": 2799,
      "mrp": 3099,
      "discount": "10% OFF",
      "stock": 48,
      "sales": 39,
      "returns": 3,
      "returns_pct": 7.1,
      "status": "Live",
      "fulfillment": "Standard",
      "tags": [],
      "image": "https://via.placeholder.com/80?text=P78",
      "dateAdded": "2025-08-01T08:59:24.139366",
      "brand": "Nike",
      "rating": 4.3
    },
    {
      "id": 79,
      "name": "Casual Doll - Black",
      "sku": "PRD-079",
      "category": "Kids",
      "subCategory": "Toys",
      "price": 999,
      "mrp": 1099,
      "discount": "9% OFF",
      "stock": 0,
      "sales": 69,
      "returns": 7,
      "returns_pct": 10.3,
      "status": "Live",
      "fulfillment": "Standard",
      "tags": [],
      "image": "https://via.placeholder.com/80?text=P79",
      "dateAdded": "2025-04-18T08:59:24.139366",
      "brand": "Utopia",
      "rating": 3.4
    },
    {
      "id": 80,
      "name": "Comfort Polo Shirt - Brown",
      "sku": "PRD-080",
      "category": "Shirts",
      "subCategory": "Formal",
      "price": 499,
      "mrp": 699,
      "discount": "29% OFF",
      "stock": 0,
      "sales": 404,
      "returns": 25,
      "returns_pct": 6.2,
      "status": "Live",
      "fulfillment": "Standard",
      "tags": [],
      "image": "https://via.placeholder.com/80?text=P80",
      "dateAdded": "2025-07-24T08:59:24.139366",
      "brand": "NoBrand",
      "rating": 4.7
    },
    {
      "id": 81,
      "name": "Comfort Polo Shirt - Gold",
      "sku": "PRD-081",
      "category": "Shirts",
      "subCategory": "Formal",
      "price": 1499,
      "mrp": 1599,
      "discount": "6% OFF",
      "stock": 58,
      "sales": 264,
      "returns": 12,
      "returns_pct": 4.5,
      "status": "Paused",
      "fulfillment": "Quick",
      "tags": [
        "QC"
      ],
      "image": "https://via.placeholder.com/80?text=P81",
      "dateAdded": "2025-01-14T08:59:24.139366",
      "brand": "FabCo",
      "rating": 2.6
    },
    {
      "id": 82,
      "name": "Sport Formal Shirt - Brown",
      "sku": "PRD-082",
      "category": "Shirts",
      "subCategory": "Formal",
      "price": 1199,
      "mrp": 1399,
      "discount": "14% OFF",
      "stock": 82,
      "sales": 140,
      "returns": 3,
      "returns_pct": 1.9,
      "status": "Live",
      "fulfillment": "Quick",
      "tags": [
        "QC"
      ],
      "image": "https://via.placeholder.com/80?text=P82",
      "dateAdded": "2024-12-05T08:59:24.139366",
      "brand": "Adidas",
      "rating": 2.9
    },
    {
      "id": 83,
      "name": "Elegant Serum - Blue",
      "sku": "PRD-083",
      "category": "Beauty",
      "subCategory": "Skincare",
      "price": 1999,
      "mrp": 2099,
      "discount": "5% OFF",
      "stock": 64,
      "sales": 279,
      "returns": 11,
      "returns_pct": 3.8,
      "status": "Draft",
      "fulfillment": "Standard",
      "tags": [],
      "image": "https://via.placeholder.com/80?text=P83",
      "dateAdded": "2025-03-05T08:59:24.139366",
      "brand": "Sony",
      "rating": 3.6
    },
    {
      "id": 84,
      "name": "Sport Saree - Green",
      "sku": "PRD-084",
      "category": "Ethnic Wear",
      "subCategory": "Kurtas",
      "price": 1499,
      "mrp": 1799,
      "discount": "17% OFF",
      "stock": 0,
      "sales": 189,
      "returns": 12,
      "returns_pct": 6.4,
      "status": "Live",
      "fulfillment": "Quick",
      "tags": [],
      "image": "https://via.placeholder.com/80?text=P84",
      "dateAdded": "2025-05-25T08:59:24.139366",
      "brand": "Adidas",
      "rating": 2.7
    },
    {
      "id": 85,
      "name": "Casual Kurta - Gold",
      "sku": "PRD-085",
      "category": "Ethnic Wear",
      "subCategory": "Sarees",
      "price": 3499,
      "mrp": 3999,
      "discount": "13% OFF",
      "stock": 64,
      "sales": 254,
      "returns": 2,
      "returns_pct": 0.8,
      "status": "Draft",
      "fulfillment": "Standard",
      "tags": [],
      "image": "https://via.placeholder.com/80?text=P85",
      "dateAdded": "2025-04-01T08:59:24.139366",
      "brand": "Nike",
      "rating": 2.6
    },
    {
      "id": 86,
      "name": "Formal Puzzle - Brown",
      "sku": "PRD-086",
      "category": "Kids",
      "subCategory": "Toys",
      "price": 1499,
      "mrp": 1599,
      "discount": "6% OFF",
      "stock": 0,
      "sales": 287,
      "returns": 8,
      "returns_pct": 2.7,
      "status": "Live",
      "fulfillment": "Quick",
      "tags": [],
      "image": "https://via.placeholder.com/80?text=P86",
      "dateAdded": "2024-12-21T08:59:24.139366",
      "brand": "Sony",
      "rating": 4.6
    },
    {
      "id": 87,
      "name": "Premium Serum - White",
      "sku": "PRD-087",
      "category": "Beauty",
      "subCategory": "Skincare",
      "price": 3499,
      "mrp": 3999,
      "discount": "13% OFF",
      "stock": 0,
      "sales": 19,
      "returns": 0,
      "returns_pct": 2.1,
      "status": "Live",
      "fulfillment": "Standard",
      "tags": [
        "QC"
      ],
      "image": "https://via.placeholder.com/80?text=P87",
      "dateAdded": "2025-01-08T08:59:24.139366",
      "brand": "Adidas",
      "rating": 3.3
    },
    {
      "id": 88,
      "name": "Elegant Serum - White",
      "sku": "PRD-088",
      "category": "Beauty",
      "subCategory": "Skincare",
      "price": 2799,
      "mrp": 3099,
      "discount": "10% OFF",
      "stock": 61,
      "sales": 188,
      "returns": 8,
      "returns_pct": 4.3,
      "status": "Live",
      "fulfillment": "Standard",
      "tags": [],
      "image": "https://via.placeholder.com/80?text=P88",
      "dateAdded": "2024-10-11T08:59:24.139366",
      "brand": "Utopia",
      "rating": 2.6
    },
    {
      "id": 89,
      "name": "Comfort Puzzle - Red",
      "sku": "PRD-089",
      "category": "Kids",
      "subCategory": "Toys",
      "price": 1999,
      "mrp": 2199,
      "discount": "9% OFF",
      "stock": 106,
      "sales": 16,
      "returns": 1,
      "returns_pct": 7.1,
      "status": "Paused",
      "fulfillment": "Quick",
      "tags": [
        "Missing HSN"
      ],
      "image": "https://via.placeholder.com/80?text=P89",
      "dateAdded": "2025-07-13T08:59:24.139366",
      "brand": "Samsung",
      "rating": 4.2
    },
    {
      "id": 90,
      "name": "Formal Wall Art - Blue",
      "sku": "PRD-090",
      "category": "Home",
      "subCategory": "Decor",
      "price": 1999,
      "mrp": 2299,
      "discount": "13% OFF",
      "stock": 23,
      "sales": 272,
      "returns": 12,
      "returns_pct": 4.4,
      "status": "Live",
      "fulfillment": "Standard",
      "tags": [],
      "image": "https://via.placeholder.com/80?text=P90",
      "dateAdded": "2025-05-25T08:59:24.139366",
      "brand": "Sony",
      "rating": 3.9
    },
    {
      "id": 91,
      "name": "Comfort Backpack - Brown",
      "sku": "PRD-091",
      "category": "Accessories",
      "subCategory": "Wallets",
      "price": 1199,
      "mrp": 1499,
      "discount": "20% OFF",
      "stock": 16,
      "sales": 278,
      "returns": 14,
      "returns_pct": 4.9,
      "status": "Draft",
      "fulfillment": "Standard",
      "tags": [],
      "image": "https://via.placeholder.com/80?text=P91",
      "dateAdded": "2025-05-03T08:59:24.139366",
      "brand": "Nike",
      "rating": 3.2
    },
    {
      "id": 92,
      "name": "Elegant T-Shirt - Green",
      "sku": "PRD-092",
      "category": "Shirts",
      "subCategory": "Formal",
      "price": 1199,
      "mrp": 1399,
      "discount": "14% OFF",
      "stock": 0,
      "sales": 55,
      "returns": 4,
      "returns_pct": 7.6,
      "status": "Live",
      "fulfillment": "Quick",
      "tags": [
        "Missing HSN"
      ],
      "image": "https://via.placeholder.com/80?text=P92",
      "dateAdded": "2025-06-05T08:59:24.139366",
      "brand": "Utopia",
      "rating": 3.1
    },
    {
      "id": 93,
      "name": "Casual T-Shirt - Navy",
      "sku": "PRD-093",
      "category": "Shirts",
      "subCategory": "Formal",
      "price": 2799,
      "mrp": 3299,
      "discount": "15% OFF",
      "stock": 84,
      "sales": 493,
      "returns": 19,
      "returns_pct": 3.8,
      "status": "Live",
      "fulfillment": "Quick",
      "tags": [
        "QC"
      ],
      "image": "https://via.placeholder.com/80?text=P93",
      "dateAdded": "2024-12-09T08:59:24.139366",
      "brand": "Adidas",
      "rating": 3.8
    },
    {
      "id": 94,
      "name": "Sport Kurta - Gold",
      "sku": "PRD-094",
      "category": "Ethnic Wear",
      "subCategory": "Kurtas",
      "price": 1199,
      "mrp": 1299,
      "discount": "8% OFF",
      "stock": 119,
      "sales": 145,
      "returns": 8,
      "returns_pct": 5.7,
      "status": "Live",
      "fulfillment": "Standard",
      "tags": [
        "QC"
      ],
      "image": "https://via.placeholder.com/80?text=P94",
      "dateAdded": "2025-01-13T08:59:24.139366",
      "brand": "Samsung",
      "rating": 3.2
    },
    {
      "id": 95,
      "name": "Elegant T-Shirt - White",
      "sku": "PRD-095",
      "category": "Shirts",
      "subCategory": "Formal",
      "price": 1199,
      "mrp": 1399,
      "discount": "14% OFF",
      "stock": 23,
      "sales": 327,
      "returns": 35,
      "returns_pct": 10.8,
      "status": "Paused",
      "fulfillment": "Standard",
      "tags": [
        "Missing HSN"
      ],
      "image": "https://via.placeholder.com/80?text=P95",
      "dateAdded": "2025-06-26T08:59:24.139366",
      "brand": "Adidas",
      "rating": 3.7
    },
    {
      "id": 96,
      "name": "Classic Belt - Brown",
      "sku": "PRD-096",
      "category": "Accessories",
      "subCategory": "Wallets",
      "price": 199,
      "mrp": 499,
      "discount": "60% OFF",
      "stock": 84,
      "sales": 120,
      "returns": 1,
      "returns_pct": 1.2,
      "status": "Live",
      "fulfillment": "Standard",
      "tags": [],
      "image": "https://via.placeholder.com/80?text=P96",
      "dateAdded": "2024-10-03T08:59:24.139366",
      "brand": "FabCo",
      "rating": 3.3
    },
    {
      "id": 97,
      "name": "Comfort Formal Shirt - Navy",
      "sku": "PRD-097",
      "category": "Shirts",
      "subCategory": "Formal",
      "price": 1499,
      "mrp": 1999,
      "discount": "25% OFF",
      "stock": 90,
      "sales": 241,
      "returns": 22,
      "returns_pct": 9.2,
      "status": "Paused",
      "fulfillment": "Quick",
      "tags": [],
      "image": "https://via.placeholder.com/80?text=P97",
      "dateAdded": "2024-11-27T08:59:24.139366",
      "brand": "FabCo",
      "rating": 4.5
    },
    {
      "id": 98,
      "name": "Formal Powerbank - Navy",
      "sku": "PRD-098",
      "category": "Electronics",
      "subCategory": "Gadgets",
      "price": 799,
      "mrp": 999,
      "discount": "20% OFF",
      "stock": 42,
      "sales": 226,
      "returns": 4,
      "returns_pct": 1.8,
      "status": "Live",
      "fulfillment": "Standard",
      "tags": [
        "Missing HSN"
      ],
      "image": "https://via.placeholder.com/80?text=P98",
      "dateAdded": "2025-08-31T08:59:24.139366",
      "brand": "Samsung",
      "rating": 2.8
    },
    {
      "id": 99,
      "name": "Formal Cushion - Blue",
      "sku": "PRD-099",
      "category": "Home",
      "subCategory": "Decor",
      "price": 999,
      "mrp": 1099,
      "discount": "9% OFF",
      "stock": 6,
      "sales": 358,
      "returns": 4,
      "returns_pct": 1.2,
      "status": "Draft",
      "fulfillment": "Quick",
      "tags": [],
      "image": "https://via.placeholder.com/80?text=P99",
      "dateAdded": "2025-05-05T08:59:24.139366",
      "brand": "Samsung",
      "rating": 2.9
    },
    {
      "id": 100,
      "name": "Casual Chinos - Navy",
      "sku": "PRD-100",
      "category": "Pants",
      "subCategory": "Casual",
      "price": 1499,
      "mrp": 1599,
      "discount": "6% OFF",
      "stock": 23,
      "sales": 201,
      "returns": 13,
      "returns_pct": 6.6,
      "status": "Paused",
      "fulfillment": "Quick",
      "tags": [],
      "image": "https://via.placeholder.com/80?text=P100",
      "dateAdded": "2025-04-29T08:59:24.139366",
      "brand": "Samsung",
      "rating": 4.2
    }
  ]
}
